<record><leader>00000cas a2200000 i 4500</leader><controlfield tag="001">800741454</controlfield><controlfield tag="008">120719d19141939inuwn ne      0    0eng c</controlfield><datafield ind1=" " ind2=" " tag="010"><subfield code="a">  2017238375</subfield></datafield><datafield ind1=" " ind2=" " tag="040"><subfield code="a">IVU</subfield><subfield code="b">eng</subfield><subfield code="e">rda</subfield><subfield code="c">IVU</subfield><subfield code="d">OCLCF</subfield><subfield code="d">OCLCO</subfield><subfield code="d">OCLCQ</subfield><subfield code="d">IUL</subfield><subfield code="d">OCL</subfield><subfield code="d">NPI</subfield></datafield><datafield ind1=" " ind2=" " tag="042"><subfield code="a">pcc</subfield></datafield><datafield ind1=" " ind2=" " tag="043"><subfield code="a">n-us-in</subfield></datafield><datafield ind1=" " ind2="4" tag="050"><subfield code="a">AP2</subfield><subfield code="b">.T65</subfield></datafield><datafield ind1="0" ind2=" " tag="130"><subfield code="a">Torch (Valparaiso, Ind.)</subfield></datafield><datafield ind1="1" ind2="4" tag="245"><subfield code="a">The torch.</subfield></datafield><datafield ind1=" " ind2="1" tag="264"><subfield code="a">Valparaiso, Indiana :</subfield><subfield code="b">Valparaiso University,</subfield><subfield code="c">[1914-1939]</subfield></datafield><datafield ind1=" " ind2=" " tag="300"><subfield code="a">29 volumes :</subfield><subfield code="b">illustrations ;</subfield><subfield code="c">49 cm</subfield></datafield><datafield ind1=" " ind2=" " tag="310"><subfield code="a">Weekly (September-May, except school recesses)</subfield></datafield><datafield ind1=" " ind2=" " tag="336"><subfield code="a">text</subfield><subfield code="b">txt</subfield><subfield code="2">rdacontent</subfield></datafield><datafield ind1=" " ind2=" " tag="337"><subfield code="a">unmediated</subfield><subfield code="b">n</subfield><subfield code="2">rdamedia</subfield></datafield><datafield ind1=" " ind2=" " tag="338"><subfield code="a">volume</subfield><subfield code="b">nc</subfield><subfield code="2">rdacarrier</subfield></datafield><datafield ind1="1" ind2=" " tag="362"><subfield code="a">Began with: Vol. I, no. I (Nov. 21, 1914); ceased with: Volume XXIX, number 13 (December 14, 1939).</subfield></datafield><datafield ind1=" " ind2=" " tag="500"><subfield code="a">"Published by the Student Body of Valparaiso University, Valparaiso, Indiana."</subfield></datafield><datafield ind1=" " ind2=" " tag="588"><subfield code="a">Description based on: Vol. I, no. I (Nov. 21, 1914); title from cover.</subfield></datafield><datafield ind1=" " ind2=" " tag="588"><subfield code="a">Latest issue consulted: Volume XXIX, number 13 (December 14, 1939).</subfield></datafield><datafield ind1="2" ind2="0" tag="610"><subfield code="a">Valparaiso University</subfield><subfield code="v">Periodicals.</subfield></datafield><datafield ind1=" " ind2="0" tag="650"><subfield code="a">College student newspapers and periodicals</subfield><subfield code="z">Indiana</subfield><subfield code="z">Valparaiso.</subfield></datafield><datafield ind1="2" ind2="7" tag="610"><subfield code="a">Valparaiso University.</subfield><subfield code="2">fast</subfield><subfield code="0">(OCoLC)fst00550615</subfield></datafield><datafield ind1=" " ind2="7" tag="650"><subfield code="a">College student newspapers and periodicals.</subfield><subfield code="2">fast</subfield><subfield code="0">(OCoLC)fst00867966</subfield></datafield><datafield ind1=" " ind2="7" tag="651"><subfield code="a">Indiana</subfield><subfield code="z">Valparaiso.</subfield><subfield code="2">fast</subfield><subfield code="0">(OCoLC)fst01210544</subfield></datafield><datafield ind1=" " ind2="7" tag="655"><subfield code="a">Periodicals.</subfield><subfield code="2">fast</subfield><subfield code="0">(OCoLC)fst01411641</subfield></datafield><datafield ind1="2" ind2=" " tag="710"><subfield code="a">Valparaiso University.</subfield></datafield><datafield ind1="0" ind2="8" tag="776"><subfield code="i">Microfilm version:</subfield><subfield code="t">Torch (Valparaiso, Ind.)</subfield><subfield code="w">(OCoLC)1002065152</subfield></datafield><datafield ind1="0" ind2="8" tag="776"><subfield code="i">Online version:</subfield><subfield code="t">Torch (Valparaiso, Ind.)</subfield><subfield code="w">(OCoLC)1002075058</subfield></datafield><datafield ind1="0" ind2="0" tag="785"><subfield code="t">Valparaiso torch</subfield></datafield><datafield ind1="4" ind2="1" tag="856"><subfield code="u">http://library.valpo.edu/archives/torchindex.html</subfield></datafield></record>